<record><leader>00000cas a2200000 a 4500</leader><controlfield tag="001">76953715</controlfield><controlfield tag="008">061212c200u9999fludn n       0   a0spa c</controlfield><datafield ind1=" " ind2=" " tag="010"><subfield code="a">  2006216423</subfield></datafield><datafield ind1=" " ind2=" " tag="040"><subfield code="a">NSD</subfield><subfield code="b">eng</subfield><subfield code="c">NSD</subfield><subfield code="d">NSD</subfield><subfield code="d">IXA</subfield><subfield code="d">OCLCQ</subfield><subfield code="d">OCLCA</subfield><subfield code="d">OCLCQ</subfield><subfield code="d">OCLCF</subfield><subfield code="d">OCLCO</subfield></datafield><datafield ind1=" " ind2=" " tag="012"><subfield code="l">1</subfield></datafield><datafield ind1="0" ind2=" " tag="022"><subfield code="a">1935-1208</subfield><subfield code="l">1935-1208</subfield><subfield code="2">1</subfield></datafield><datafield ind1="1" ind2=" " tag="029"><subfield code="a">AU@</subfield><subfield code="b">000041143413</subfield></datafield><datafield ind1=" " ind2=" " tag="037"><subfield code="b">Gruppo Frerre Range, 4780 N. Orange Blossom Trail, Orlando FL 32810-1601</subfield></datafield><datafield ind1=" " ind2=" " tag="042"><subfield code="a">nsdp</subfield><subfield code="a">pcc</subfield></datafield><datafield ind1=" " ind2=" " tag="043"><subfield code="a">n-us-fl</subfield></datafield><datafield ind1="1" ind2="0" tag="050"><subfield code="a">ISSN RECORD</subfield></datafield><datafield ind1=" " ind2="3" tag="222"><subfield code="a">El nuevo di&#769;a Orlando</subfield></datafield><datafield ind1="0" ind2="3" tag="245"><subfield code="a">El nuevo di&#769;a Orlando.</subfield></datafield><datafield ind1=" " ind2=" " tag="260"><subfield code="a">Orlando, FL :</subfield><subfield code="b">El Nuevo Di&#769;a Orlando, Inc.</subfield></datafield><datafield ind1=" " ind2=" " tag="300"><subfield code="a">v. :</subfield><subfield code="b">ill. ;</subfield><subfield code="c">34 cm.</subfield></datafield><datafield ind1=" " ind2=" " tag="310"><subfield code="a">Daily, except Sat. and Sun.</subfield></datafield><datafield ind1=" " ind2=" " tag="500"><subfield code="a">Published by: Gruppo Frerre Range, &lt;Apr. 14-16, 2006-&gt;</subfield></datafield><datafield ind1=" " ind2=" " tag="530"><subfield code="a">Also issued online.</subfield></datafield><datafield ind1=" " ind2=" " tag="588"><subfield code="a">Description based on: An&#771;o 2, nu&#769;m. 271 (20 de sept. de 2004).</subfield></datafield><datafield ind1=" " ind2=" " tag="588"><subfield code="a">Latest issue consulted: An&#771;o 3, no. 679 (14-16 abr. 2006) (Surrogate).</subfield></datafield><datafield ind1=" " ind2="0" tag="650"><subfield code="a">Hispanic Americans</subfield><subfield code="z">Florida</subfield><subfield code="z">Orlando</subfield><subfield code="v">Newspapers.</subfield></datafield><datafield ind1=" " ind2="0" tag="651"><subfield code="a">Orlando (Fla.)</subfield><subfield code="v">Newspapers.</subfield></datafield><datafield ind1=" " ind2="7" tag="655"><subfield code="a">Newspapers.</subfield><subfield code="2">fast</subfield><subfield code="0">(OCoLC)fst01423814</subfield></datafield><datafield ind1=" " ind2="7" tag="650"><subfield code="a">Hispanic Americans.</subfield><subfield code="2">fast</subfield><subfield code="0">(OCoLC)fst00957523</subfield></datafield><datafield ind1=" " ind2="7" tag="651"><subfield code="a">Florida</subfield><subfield code="z">Orlando.</subfield><subfield code="2">fast</subfield><subfield code="0">(OCoLC)fst01204036</subfield></datafield><datafield ind1=" " ind2=" " tag="752"><subfield code="a">United States</subfield><subfield code="b">Florida</subfield><subfield code="c">Dade</subfield><subfield code="d">Orlando.</subfield></datafield><datafield ind1="4" ind2="1" tag="856"><subfield code="u">http://www.elnuevodia.com/noticias-orlando/</subfield></datafield></record>